<record><leader>00000cas a2200000 a 4500</leader><controlfield tag="001">24957446</controlfield><controlfield tag="008">911216d18811889iludn ne      0   a0ger c</controlfield><datafield ind1=" " ind2=" " tag="010"><subfield code="a">sn 91055907 </subfield></datafield><datafield ind1=" " ind2=" " tag="040"><subfield code="a">NVF</subfield><subfield code="b">eng</subfield><subfield code="c">NVF</subfield><subfield code="d">OCLCQ</subfield><subfield code="d">NVF</subfield><subfield code="d">OCLCQ</subfield><subfield code="d">NVF</subfield><subfield code="d">OCLCO</subfield><subfield code="d">OCLCF</subfield></datafield><datafield ind1="1" ind2=" " tag="029"><subfield code="a">AU@</subfield><subfield code="b">000025881652</subfield></datafield><datafield ind1=" " ind2=" " tag="042"><subfield code="a">pcc</subfield></datafield><datafield ind1=" " ind2=" " tag="043"><subfield code="a">n-us-il</subfield></datafield><datafield ind1="0" ind2=" " tag="130"><subfield code="a">Belleviller zeitung und stern (Belleville, Ill. : Daily)</subfield></datafield><datafield ind1="1" ind2="0" tag="245"><subfield code="a">Belleviller zeitung und stern.</subfield></datafield><datafield ind1="1" ind2="3" tag="246"><subfield code="a">Ta&#776;gliche Belleviller zeitung und stern</subfield><subfield code="f">Oct. 10, 1881-Nov. 29, 1882</subfield></datafield><datafield ind1=" " ind2=" " tag="260"><subfield code="a">Belleville, Ills. [Ill.] :</subfield><subfield code="b">Semmelroth, Heinfelden &amp; Metschau,</subfield><subfield code="c">1881-1889.</subfield></datafield><datafield ind1=" " ind2=" " tag="300"><subfield code="a">v.</subfield></datafield><datafield ind1=" " ind2=" " tag="310"><subfield code="a">Daily (except Sunday)</subfield></datafield><datafield ind1="0" ind2=" " tag="362"><subfield code="a">33. Jahrg., no. 331 (10. Okt. 1881)-Jahrg. 41, No. 269 (16. Nov. 1889).</subfield></datafield><datafield ind1=" " ind2=" " tag="546"><subfield code="a">In German.</subfield></datafield><datafield ind1=" " ind2=" " tag="580"><subfield code="a">Formed by the union of: Ta&#776;gliche stern, and: Belleviller zeitung (Belleville, Ill. : 1880).</subfield></datafield><datafield ind1=" " ind2="0" tag="650"><subfield code="a">German Americans</subfield><subfield code="z">Illinois</subfield><subfield code="z">Belleville</subfield><subfield code="v">Newspapers.</subfield></datafield><datafield ind1=" " ind2="0" tag="650"><subfield code="a">Germans</subfield><subfield code="z">Illinois</subfield><subfield code="z">Belleville</subfield><subfield code="v">Newspapers.</subfield></datafield><datafield ind1=" " ind2="0" tag="651"><subfield code="a">Belleville (Ill.)</subfield><subfield code="v">Newspapers.</subfield></datafield><datafield ind1=" " ind2="7" tag="655"><subfield code="a">Newspapers.</subfield><subfield code="2">fast</subfield><subfield code="0">(OCoLC)fst01423814</subfield></datafield><datafield ind1=" " ind2="7" tag="650"><subfield code="a">German Americans.</subfield><subfield code="2">fast</subfield><subfield code="0">(OCoLC)fst00941308</subfield></datafield><datafield ind1=" " ind2="7" tag="650"><subfield code="a">Germans.</subfield><subfield code="2">fast</subfield><subfield code="0">(OCoLC)fst00942100</subfield></datafield><datafield ind1=" " ind2="7" tag="651"><subfield code="a">Illinois</subfield><subfield code="z">Belleville.</subfield><subfield code="2">fast</subfield><subfield code="0">(OCoLC)fst01202799</subfield></datafield><datafield ind1=" " ind2=" " tag="752"><subfield code="a">United States</subfield><subfield code="b">Illinois</subfield><subfield code="c">Saint Clair</subfield><subfield code="d">Belleville.</subfield></datafield><datafield ind1="0" ind2=" " tag="775"><subfield code="t">Belleviller zeitung und stern (Belleville, Ill. : Weekly)</subfield><subfield code="w">(DLC)sn 91055902</subfield><subfield code="w">(OCoLC)24950397</subfield></datafield><datafield ind1="1" ind2="4" tag="780"><subfield code="t">Ta&#776;gliche stern</subfield><subfield code="w">(DLC)sn 91055905</subfield><subfield code="w">(OCoLC)24957337</subfield></datafield><datafield ind1="1" ind2="4" tag="780"><subfield code="t">Belleviller zeitung (Belleville, Ill. : 1880)</subfield><subfield code="w">(DLC)sn 91055906</subfield><subfield code="w">(OCoLC)24957244</subfield></datafield><datafield ind1="0" ind2="0" tag="785"><subfield code="t">Belleviller zeitung (Belleville, Ill. : Daily)</subfield><subfield code="w">(DLC)sn 91055908</subfield><subfield code="w">(OCoLC)24957541</subfield></datafield></record>